<record><leader>00000cas a22000007a 4500</leader><controlfield tag="001">38372452</controlfield><controlfield tag="008">980209d19571978vauwr ne      0    0eng d</controlfield><datafield ind1=" " ind2=" " tag="010"><subfield code="a">sn 98068304 </subfield></datafield><datafield ind1=" " ind2=" " tag="040"><subfield code="a">NVK</subfield><subfield code="b">eng</subfield><subfield code="c">NVK</subfield><subfield code="d">OCLCQ</subfield><subfield code="d">NVK</subfield><subfield code="d">OCLCF</subfield><subfield code="d">OCLCO</subfield></datafield><datafield ind1="1" ind2=" " tag="029"><subfield code="a">AU@</subfield><subfield code="b">000013766548</subfield></datafield><datafield ind1=" " ind2=" " tag="042"><subfield code="a">msc</subfield></datafield><datafield ind1="0" ind2=" " tag="130"><subfield code="a">News journal (Chester, Va. : 1957)</subfield></datafield><datafield ind1="0" ind2="4" tag="245"><subfield code="a">The News-journal.</subfield></datafield><datafield ind1="3" ind2=" " tag="246"><subfield code="a">News journal</subfield></datafield><datafield ind1=" " ind2=" " tag="260"><subfield code="a">Chester, Va. :</subfield><subfield code="b">Chesterfield Press,</subfield><subfield code="c">1957-1978.</subfield></datafield><datafield ind1=" " ind2=" " tag="300"><subfield code="a">v.</subfield></datafield><datafield ind1=" " ind2=" " tag="310"><subfield code="a">Weekly</subfield></datafield><datafield ind1="0" ind2=" " tag="362"><subfield code="a">Vol. 20, no. 21 (Mar. 14, 1957)- v. 43, no. 17 (Apr. 27, 1978).</subfield></datafield><datafield ind1=" " ind2=" " tag="500"><subfield code="a">Publisher/Editor: Charles M. Keen, Jr., &lt;1957-Oct. 1971&gt;; Thomas E. Bonsall, &lt;Oct. 7, 1971-&gt;</subfield></datafield><datafield ind1=" " ind2=" " tag="500"><subfield code="a">Chesterfield &amp; Colonial Heights appear w/ title on masthead.</subfield></datafield><datafield ind1=" " ind2=" " tag="515"><subfield code="a">Continues numbering of Chesterfield County news.</subfield></datafield><datafield ind1=" " ind2="0" tag="651"><subfield code="a">Chesterfield County (Va.)</subfield><subfield code="v">Newspapers.</subfield></datafield><datafield ind1=" " ind2="0" tag="651"><subfield code="a">Chester (Va.)</subfield><subfield code="v">Newspapers.</subfield></datafield><datafield ind1=" " ind2="0" tag="651"><subfield code="a">Colonial Heights (Va.)</subfield><subfield code="v">Newspapers.</subfield></datafield><datafield ind1=" " ind2="0" tag="651"><subfield code="a">Richmond (Va.)</subfield><subfield code="v">Newspapers.</subfield></datafield><datafield ind1=" " ind2="7" tag="655"><subfield code="a">Newspapers.</subfield><subfield code="2">fast</subfield><subfield code="0">(OCoLC)fst01423814</subfield></datafield><datafield ind1=" " ind2="7" tag="651"><subfield code="a">Virginia</subfield><subfield code="z">Chester.</subfield><subfield code="2">fast</subfield><subfield code="0">(OCoLC)fst01294324</subfield></datafield><datafield ind1=" " ind2="7" tag="651"><subfield code="a">Virginia</subfield><subfield code="z">Chesterfield County.</subfield><subfield code="2">fast</subfield><subfield code="0">(OCoLC)fst01210521</subfield></datafield><datafield ind1=" " ind2="7" tag="651"><subfield code="a">Virginia</subfield><subfield code="z">Colonial Heights.</subfield><subfield code="2">fast</subfield><subfield code="0">(OCoLC)fst01222126</subfield></datafield><datafield ind1=" " ind2="7" tag="651"><subfield code="a">Virginia</subfield><subfield code="z">Richmond.</subfield><subfield code="2">fast</subfield><subfield code="0">(OCoLC)fst01205345</subfield></datafield><datafield ind1=" " ind2=" " tag="752"><subfield code="a">United States</subfield><subfield code="b">Virginia</subfield><subfield code="c">Chesterfield</subfield><subfield code="d">Chester.</subfield></datafield><datafield ind1=" " ind2=" " tag="752"><subfield code="a">United States</subfield><subfield code="b">Virginia</subfield><subfield code="c">Chesterfield</subfield><subfield code="d">Colonial Heights.</subfield></datafield><datafield ind1="0" ind2=" " tag="775"><subfield code="t">Quill (Chester, Va.)</subfield><subfield code="w">(DLC)sn2007060581</subfield></datafield><datafield ind1="0" ind2="4" tag="780"><subfield code="t">Chesterfield County news</subfield><subfield code="w">(DLC)sn 98068312</subfield></datafield><datafield ind1="0" ind2="4" tag="780"><subfield code="t">Colonial Heights journal</subfield><subfield code="w">(DLC)sn 98068301</subfield></datafield><datafield ind1="0" ind2="0" tag="785"><subfield code="t">Chesterfield news journal</subfield><subfield code="w">(DLC)sn 98068313</subfield></datafield></record>